% This file was created with Citavi 6.1.0.0

@article{AbdelAty.2005,
 author = {Abdel-Aty, Mohamed and Keller, Joanne},
 year = {2005},
 title = {Exploring the overall and specific crash severity levels at signalized intersections},
 pages = {417--425},
 volume = {37},
 number = {3},
 journal = {Accident Analysis and Prevention}
}


@misc{Antoniou.21.06.2018,
 author = {Antoniou, Constantinos and {Katrakazas Christos}},
 year = {2018},
 title = {Advanced Road Safety Concepts: Empirical Bayes Methodology}
}


@article{Aurich.2014,
 author = {Aurich, Allan},
 year = {2014},
 title = {Unfallh{\"a}ufigkeitsmodelle f{\"u}r st{\"a}dtische Hauptverkehrsstra{\ss}ennetze},
 pages = {759--764},
 volume = {58},
 number = {11},
 journal = {Stra{\ss}enverkehrstechnik}
}


@article{Aurich.2015,
 author = {Aurich, Allan and Hantschel, Sebastian and Kollmus, Bernhard and {Sch{\"u}ller Hagen}},
 year = {2015},
 title = {Prognose f{\"u}r die Verkehrssicherheit in St{\"a}dten},
 pages = {83--90},
 volume = {61},
 number = {2},
 journal = {Zeitschrift f{\"u}r Verkehrssicherheit}
}


@book{Below.2016,
 author = {Below, Ariane von},
 year = {2016},
 title = {Verkehrssicherheit von Radfahrern: Analyse sicherheitsrelevanter Motive, Einstellungen und Verhaltensweisen},
 address = {Bremen},
 edition = {1. Auflage},
 volume = {264},
 publisher = {{Wirtschaftsverlag NW}},
 isbn = {978-3-95606-234-6},
 series = {Mensch und Sicherheit}
}


@article{Berger.2017,
 author = {Berger, Ralf},
 year = {2017},
 title = {Webbasierter Ma{\ss}nahmenkatalog gegen Unfallh{\"a}ufungen MaKaU},
 pages = {322--329},
 volume = {61},
 number = {5},
 journal = {Stra{\ss}enverkehrstechnik}
}


@phdthesis{Blakaj.14.09.2016,
 author = {Blakaj, Laura},
 year = {2016},
 title = {Potenzieller Einfluss des hochautomatisierten Fahrens auf die Verkehrssicherheit},
 address = {M{\"u}nchen},
 school = {TUM},
 type = {Bachelorarbeit}
}


@book{Bock.1989,
 author = {Bock, Ottokar},
 year = {1989},
 title = {Aufbereitung und Auswertung von Fahrzeug- und Unfalldaten: Gemeinsamer Bericht der Bundesanstalt f{\"u}r Strassenwesen und des Kraftfahrt-Bundesamtes},
 address = {Bergisch Gladbach},
 volume = {71},
 publisher = {{Im Auftrage des Bundesministers f{\"u}r Verkehr von der Bundesanstalt f{\"u}r Strassenwesen, Bereich Unfallforschung}},
 isbn = {3-88314-857-1},
 series = {Unfall- und Sicherheitsforschung, Strassenverkehr}
}


@book{Bremer.2004,
 author = {Bremer, Horst},
 year = {2004},
 title = {Stadt und Verkehr 2003: 100 Themen zum Verkehr in Stadt und Region: Fakten, Perspektiven, Forderungen},
 address = {M{\"u}nchen},
 edition = {2},
 publisher = {ADAC}
}


@article{Brilon.2016,
 author = {Brilon, Werner and Keller, Hartmut and Schnabel, Werner},
 year = {2016},
 title = {60 Jahre Stra{\ss}enverkehrstechnik},
 pages = {819--835},
 volume = {60},
 number = {12},
 journal = {Stra{\ss}enverkehrstechnik}
}


@phdthesis{Bruhn.2018,
 author = {Bruhn, Adrian},
 year = {2018},
 title = {Analyse und Visualisierung von Verkehrsunfalldaten},
 address = {M{\"u}nchen},
 school = {TUM},
 type = {Study Project}
}


@book{BundesministeriumfurVerkehrunddigitaleInfrastruktur.2017,
 author = {{Bundesministerium f{\"u}r Verkehr und digitale Infrastruktur}},
 year = {2017},
 title = {Verkehr in Zahlen 2017/18},
 address = {Hamburg},
 edition = {46},
 publisher = {{DVV Media Group}},
 isbn = {978-3-87154-617-4}
}


@book{Burg.2017,
 year = {2017},
 title = {Handbuch Verkehrsunfallrekonstruktion: Unfallaufnahme, Fahrdynamik, Simulation},
 address = {Wiesbaden},
 edition = {3. aktualisierte Auflage},
 publisher = {{Springer Vieweg}},
 isbn = {978-3-658-16142-2},
 series = {ATZ/MTZ-Fachbuch},
 editor = {Burg, Heinz and Moser, Andreas}
}


@phdthesis{Burger.1983,
 author = {B{\"u}rger, Hartmut},
 year = {1983},
 title = {M{\"o}glichkeit und Grenzen der statistischen Auswertung von Unfalldaten: Einsatz der analytischen Statistik, Wahrscheinlichkeitsberechnung und Kombinatorik bei der Analyse von Unfalldaten},
 address = {Berlin},
 school = {{TU Berlin}},
 type = {Dissertation}
}


@article{DEKRA.2017,
 author = {DEKRA},
 year = {2017},
 title = {Schritte zur Realisierung der Vision Zero},
 pages = {1--84},
 journal = {DEKRA Verkehrssicherheitsreport 2017}
}


@book{Erke.1978,
 author = {Erke, Heiner and Zimolog, Bernhard},
 year = {1978},
 title = {Verkehrskonflikte im Innerortsbereich: Eine Untersuchung zur Verkehrskonflikt-Technik},
 address = {K{\"o}ln},
 volume = {15},
 publisher = {{Im Auftrage des Bundesministers f{\"u}r Verkehr von der Bundesanstalt f{\"u}r Strassenwesen, Bereich Unfallforschung}},
 series = {Unfall- und Sicherheitsforschung, Strassenverkehr}
}


@book{ForschungsgesellschaftfurStraenundVerkehrswesen.2012,
 author = {{Forschungsgesellschaft f{\"u}r Stra{\ss}en- und Verkehrswesen}},
 year = {2012},
 title = {Merkblatt zur {\"o}rtlichen Unfalluntersuchung in Unfallkommissionen: M Uko},
 address = {K{\"o}ln},
 volume = {316/1},
 publisher = {FGSV-Verl.},
 isbn = {978-3-86446-012-8}
}


@book{ForschungsgesellschaftfurStraenundVerkehrswesen.2012b,
 author = {{Forschungsgesellschaft f{\"u}r Stra{\ss}en- und Verkehrswesen}},
 year = {2012},
 title = {Begriffsbestimmungen Teil: Verkehrsplanung, Stra{\ss}enentwurf und Stra{\ss}enbetrieb},
 address = {K{\"o}ln},
 publisher = {FGSV-Verl.}
}


@article{Fricke.2006,
 author = {Fricke, Nicola and Glaser, Charlotte and de Filippis, Monica},
 year = {2006},
 title = {Passive und Aktive Sicherheitsma{\ss}nahmen im Kraftfahrzeug},
 pages = {1--9},
 number = {10},
 journal = {MMI-Interaktiv}
}


@article{Fuller.2005,
 author = {Fuller, Ray},
 year = {2005},
 title = {Towards a general theory of driver behaviour},
 pages = {461--472},
 number = {37},
 journal = {Accident Analysis and Prevention}
}


@misc{Gasser.2011,
 author = {Gasser, Tom Michael},
 year = {2011},
 title = {Ergebnisse der Projektgruppe Automatisierung: Rechtsfolgen zunehmender Fahrzeugautomatisierung},
 editor = {{Bundesanstalt f{\"u}r Stra{\ss}enwesen}}
}


@phdthesis{Gerstenberger.17.02.2015,
 author = {Gerstenberger, Marcus},
 year = {2015},
 title = {Unfallgeschehen an Knotenpunkten: Grundlagenuntersuchung zu Ursachen und Ans{\"a}tzen zur Verbesserung durch Assistenz},
 address = {M{\"u}nchen},
 school = {TUM},
 type = {Dissertation}
}


@book{GesamtverbandderDeutschenVersicherungswirtschafte.V..2016,
 author = {{Gesamtverband der Deutschen Versicherungswirtschaft e.V.}},
 year = {2016},
 title = {Unfalltypen-Katalog: Leitfaden zur Bestimmmung des Unfalltyps},
 address = {Berlin}
}


@phdthesis{Grundl.2005,
 author = {Gr{\"u}ndl, Martin},
 year = {2005},
 title = {Fehler und Fehlverhalten als Ursache von Verkehrsunf{\"a}llen und Konsequenzen f{\"u}r das Unfallvermeidungspotenzial und die Gestaltung von Fahrerassistenzsystemen},
 address = {Regensburg},
 school = {{Universit{\"a}t Regensburg}},
 type = {Dissertation}
}


@incollection{Gschwendtner.2014,
 author = {Gschwendtner, Klaus and Lienkamp, Markus and Kiss, Mikl{\'o}s},
 title = {Prospective analysis-method for estimating the effect of advanced driver assistance systems on property damage},
 pages = {372--377},
 publisher = {IEEE},
 isbn = {978-1-4799-6078-1},
 booktitle = {IEEE 17th International Conference on Intelligent Transportation Systems (ITSC), 2014},
 year = {2014},
 address = {Piscataway, NJ}
}


@book{Gschwendtner.2015,
 author = {Gschwendtner, Klaus},
 year = {2015},
 title = {Sachschadenanalyse zur Potenzialermittlung von Fahrerassistenzsystemen - von der Unfalltypen-Erweiterung zum Kundenwert},
 address = {M{\"u}nchen},
 publisher = {{Verlag Dr. Hut}},
 isbn = {978-3-8439-2416-0},
 series = {Fahrzeugtechnik}
}


@phdthesis{Hillenbrand.2012,
 author = {Hillenbrand, Martin},
 year = {2011},
 title = {Funktionale Sicherheit nach ISO 26262 in der Konzeptphase der Entwicklung von Elektrik/Elektronik Architekturen von Fahrzeugen},
 url = {http://edok01.tib.uni-hannover.de/edoks/e01fn12/716638142.pdf},
 address = {Karlsruhe},
 school = {KIT},
 type = {Dissertation}
}


@phdthesis{Hoffmann.26.04.2013,
 author = {Hoffmann, Silja},
 year = {2013},
 title = {Mikroskopische Modellierung und Bewertung von verkehrssicherheitskritischen Situationen: am Beispiel kommunikationsbasierter Fahrerwarnungen},
 address = {M{\"u}nchen},
 school = {TUM},
 type = {Dissertation}
}


@article{Huguenin.2017,
 author = {Huguenin, Raphael and Ewert, Uwe},
 year = {2017},
 title = {Zur Logik der Unfallpr{\"a}vention im Stra{\ss}enverkehr},
 pages = {145--166},
 volume = {63},
 number = {4},
 journal = {Zeitschrift f{\"u}r Verkehrssicherheit}
}


@book{InstituteofElectricalandElectronicsEngineers.2014,
 year = {2014},
 title = {IEEE 17th International Conference on Intelligent Transportation Systems (ITSC), 2014: 8 - 11 Oct. 2014, Qingdao, China},
 url = {http://ieeexplore.ieee.org/servlet/opac?punumber=6948869},
 address = {Piscataway, NJ},
 publisher = {IEEE},
 isbn = {978-1-4799-6078-1}
}


@article{Klingner.2017,
 author = {Klingner, Matthias and Erbsmehl, Christian and Landgraf, Tom},
 year = {2017},
 title = {Sicherheit des autonomen Fahrens},
 pages = {244--250},
 volume = {63},
 number = {5},
 journal = {Zeitschrift f{\"u}r Verkehrssicherheit}
}


@article{Kossak.2017,
 author = {Kossak, A.},
 year = {2017},
 title = {W{\"u}rde autonomes Fahren tats{\"a}chlich die Verkehrssicherheit erh{\"o}hen?},
 pages = {639--643},
 volume = {61},
 number = {9},
 journal = {Stra{\ss}enverkehrstechnik}
}


@phdthesis{Kutsch.05.04.2018,
 author = {Kutsch, Alexander},
 year = {2018},
 title = {Entwicklung eines Verfahrens zur Kritikalit{\"a}tsbewertung von Lichtsignalanlagen},
 address = {M{\"u}nchen},
 school = {TUM},
 type = {Bachelorarbeit}
}


@book{Lerner.2005,
 author = {Lerner, Markus and Albrecht, Martina and Evers, Claudia},
 year = {2005},
 title = {Das Unfallgeschehen bei Nacht},
 address = {Bergisch Gladbach, Germany},
 volume = {Heft M172},
 publisher = {{Bundesanstalt f{\"u}r Strassenwesen}},
 isbn = {3-86509-364-7},
 series = {Berichte der Bundesanstalt f{\"u}r Strassenwesen. Mensch und Sicherheit}
}


@phdthesis{Mages.2008,
 author = {Mages, Mark Alexander},
 year = {2008},
 title = {Top-Down-Funktionsentwicklung eines Einbiege- und Kreuzenassistenten},
 address = {Darmstadt},
 school = {{TU Darmstadt}},
 type = {Dissertation}
}


@book{Maurer.2015,
 author = {Maurer, Markus and Gerdes, J. Christian and Lenz, Barbara and Winner, Hermann},
 year = {2015},
 title = {Autonomes Fahren},
 publisher = {{Springer Berlin Heidelberg}},
 isbn = {978-3-662-45853-2}
}


@phdthesis{Meitinger.2008,
 author = {Meitinger, Karl-Heinz},
 year = {2008},
 title = {Top-Down-Entwicklung von Aktiven Sicherheitssystemen f{\"u}r Kreuzungen},
 address = {M{\"u}nchen},
 school = {TUM},
 type = {Dissertation}
}


@book{MockHecker.1994,
 author = {Mock-Hecker, R{\"u}diger},
 year = {1994},
 title = {Wissensbasierte Erkennung kritischer Verkehrssituationen - Erkennung von Plankonflikten},
 address = {D{\"u}sseldorf},
 volume = {209},
 publisher = {VDI-Verl.},
 isbn = {3-18-320912-8},
 series = {Fortschritt-Berichte VDI Reihe 12, Verkehrstechnik, Fahrzeugtechnik}
}


@book{Reichart.2001,
 author = {Reichart, G{\"u}nter},
 year = {2001},
 title = {Menschliche Zuverl{\"a}ssigkeit beim F{\"u}hren von Kraftfahrzeugen},
 address = {D{\"u}sseldorf},
 volume = {7},
 publisher = {VDI-Verl.},
 isbn = {3-18-300722-3},
 series = {Fortschritt-Berichte / VDI Mensch-Maschine-Systeme}
}


@phdthesis{Schendzielorz.21.09.2016,
 author = {Schendzielorz, Tobias},
 year = {2016},
 title = {Cooperative Systems to Improve Safety at Controlled Urban Intersections},
 address = {M{\"u}nchen},
 school = {TUM},
 type = {Dissertation}
}


@phdthesis{Schmidt.2010,
 author = {Schmidt, Christian},
 year = {2010},
 title = {Hardware-in-the-loop gest{\"u}tzte Entwicklungsplattform f{\"u}r Fahrerassistenzsysteme: Analyse und Generierung kritischer Verkehrsszenarien},
 keywords = {Computer architecture;Driver assistance systems},
 address = {Kassel},
 urldate = {24.07.2018},
 school = {{Universit{\"a}t Kassel}},
 type = {Dissertation}
}


@article{Schreiber.2014,
 author = {Schreiber, Marcel},
 year = {2014},
 title = {Typische Gefahren f{\"u}r Fu{\ss}g{\"a}nger und Radfahrer im innerst{\"a}dtischen Verkehr},
 pages = {221--227},
 volume = {60},
 number = {4},
 journal = {Zeitschrift f{\"u}r Verkehrssicherheit}
}


@article{Schreiber.2014b,
 author = {Schreiber, Marcel and Ortlepp, J{\"o}rg and Butterwegge, Petra},
 year = {2014},
 title = {Abbiegeunf{\"a}lle zwischen Kraftfahrzeugen und Radfahrern},
 pages = {303--310},
 volume = {58},
 number = {5},
 journal = {Stra{\ss}enverkehrstechnik}
}


@article{Schreiber.2016,
 author = {Schreiber, Marcel},
 year = {2016},
 title = {Verkehrssicherheit an lichtsignalisierten Knotenpunkten},
 pages = {272--280},
 volume = {60},
 number = {5},
 journal = {Stra{\ss}enverkehrstechnik}
}


@book{StatistischesBundesamt.2013,
 author = {{Statistisches Bundesamt}},
 year = {2013},
 title = {Verkehr: Verkehrsunf{\"a}lle 2012. Fachserie 8 Reihe 7},
 address = {Wiesbaden}
}


@book{StatistischesBundesamt.2014,
 author = {{Statistisches Bundesamt}},
 year = {2014},
 title = {Verkehr: Verkehrsunf{\"a}lle 2013. Fachserie 8 Reihe 7},
 address = {Wiesbaden}
}


@book{StatistischesBundesamt.2015,
 author = {{Statistisches Bundesamt}},
 year = {2015},
 title = {Verkehr: Verkehrsunf{\"a}lle 2014. Fachserie 8 Reihe 7},
 address = {Wiesbaden}
}


@book{StatistischesBundesamt.2016,
 author = {{Statistisches Bundesamt}},
 year = {2016},
 title = {Verkehr: Verkehrsunf{\"a}lle 2015. Fachserie 8 Reihe 7},
 address = {Wiesbaden}
}


@book{StatistischesBundesamt.2017,
 author = {{Statistisches Bundesamt}},
 year = {2017},
 title = {Verkehr: Verkehrsunf{\"a}lle 2016. Fachserie 8 Reihe 7},
 address = {Wiesbaden}
}


@book{StatistischesBundesamt.2018,
 author = {{Statistisches Bundesamt}},
 year = {2018},
 title = {Verkehr: Verkehr im {\"U}berblick 2016. Fachserie 8 Reihe 1.2},
 keywords = {Binnenschifffahrt;Dienstleistungen;Eisenbahnverkehr;Gewerbean- und abmeldungen im Verkehr;G{\"u}terverkehr;Kraftfahrzeuge;Luftverkehr;Personenverkehr;Rohrleitungen;Seeverkehr;Stra{\ss}enverkehr;Stra{\ss}enverkehrsunf{\"a}lle;Verbraucherpreisindex Verkehr},
 address = {Wiesbaden},
 urldate = {01.08.2018}
}


@book{StatistischesBundesamt.2018b,
 author = {{Statistisches Bundesamt}},
 year = {2018},
 title = {Verkehr: Verkehrsunf{\"a}lle 2017. Fachserie 8 Reihe 7},
 keywords = {Beteiligte;Strassenverkehr;Unfall;Unf{\"a}lle;Unfallursachen;Verungl{\"u}ckte},
 address = {Wiesbaden},
 urldate = {02.08.2018}
}


@book{StatistischesBundesamt.2018c,
 author = {{Statistisches Bundesamt}},
 year = {2018},
 title = {Verkehrsunf{\"a}lle: Zeitreihen 2017},
 address = {Wiesbaden},
 urldate = {01.08.2018}
}


@misc{StatistischesBundesamt.2018d,
 author = {{Statistisches Bundesamt}},
 year = {2018},
 title = {Statistik der Stra{\ss}enverkehrsunf{\"a}lle},
 url = {https://www-genesis.destatis.de/genesis/online;sid=9C0529547E48CEC4331B46A2D3EFEC10.GO_2_1?operation=previous&levelindex=1&levelid=1535486462122&step=1}
}


@book{Vollrath.2006,
 author = {Vollrath, Mark and Briest, Susanne and Schie{\ss}l, Caroline},
 year = {2006},
 title = {Ableitung von Anforderungen an Fahrerassistenzsysteme aus Sicht der Verkehrssicherheit},
 address = {Bremerhaven},
 volume = {60},
 publisher = {{Wirtschaftsverl. NW, Verl. f{\"u}r Neue Wiss}},
 isbn = {978-3-86509-551-0},
 series = {Berichte der Bundesanstalt f{\"u}r Strassenwesen / F}
}


@article{WissenschaflicherBeiratbeimBundesministerfurVerkehrBauundStadtentwicklung.2011,
 author = {{Wissenschaflicher Beirat beim Bundesminister f{\"u}r Verkehr, Bau und Stadtentwicklung}},
 year = {2011},
 title = {Sicherheit zuerst - M{\"o}glichkeiten zur Erh{\"o}hung der Stra{\ss}enverkehrssicherheit in Deutschland - Teil 1},
 pages = {76--90},
 volume = {55},
 number = {2},
 journal = {Stra{\ss}enverkehrstechnik}
}


@article{WissenschaflicherBeiratbeimBundesministerfurVerkehrBauundStadtentwicklung.2011b,
 author = {{Wissenschaflicher Beirat beim Bundesminister f{\"u}r Verkehr, Bau und Stadtentwicklung}},
 year = {2011},
 title = {Sicherheit zuerst - M{\"o}glichkeiten zur Erh{\"o}hung der Stra{\ss}enverkehrssicherheit in Deutschland - Teil 2},
 pages = {160--170},
 volume = {55},
 number = {3},
 journal = {Stra{\ss}enverkehrstechnik}
}


@phdthesis{Zademach.24.09.2015,
 author = {Zademach, Martin},
 year = {2015},
 title = {Analyse des Fahrerverhaltens an innerst{\"a}dtischen Kreuzungen: Ermittlung von Anforderungen an ein System zur Vermeidung von Kollisionen},
 address = {M{\"u}nchen},
 school = {{Universit{\"a}t der Bundeswehr}},
 type = {Dissertation}
}


